@article{deb2002fast,
  title={A fast and elitist multiobjective genetic algorithm: NSGA-II},
  author={Deb, Kalyanmoy and Pratap, Amrit and Agarwal, Sameer and Meyarivan, TAMT},
  journal={IEEE transactions on evolutionary computation},
  volume={6},
  number={2},
  pages={182--197},
  year={2002},
  publisher={IEEE}
}

@inproceedings{shirakawa2009evolutionary,
  title={Evolutionary image segmentation based on multiobjective clustering},
  author={Shirakawa, Shinichi and Nagao, Tomoharu},
  booktitle={Evolutionary Computation, 2009. CEC'09. IEEE Congress on},
  pages={2466--2473},
  year={2009},
  organization={IEEE}
}

