@article{clarke1964scheduling,
  title={Scheduling of vehicles from a central depot to a number of delivery points},
  author={Clarke, Geoff and Wright, John W},
  journal={Operations research},
  volume={12},
  number={4},
  pages={568--581},
  year={1964},
  publisher={INFORMS}
}

@article{ombuki2006multi,
  title={Multi-objective genetic algorithms for vehicle routing problem with time windows},
  author={Ombuki, Beatrice and Ross, Brian J and Hanshar, Franklin},
  journal={Applied Intelligence},
  volume={24},
  number={1},
  pages={17--30},
  year={2006},
  publisher={Springer}
}