@inproceedings{davis1985applying,
  title={Applying adaptive algorithms to epistatic domains.},
  author={Davis, Lawrence},
  booktitle={IJCAI},
  volume={85},
  pages={162--164},
  year={1985}
}

@article{deb2002fast,
  title={A fast and elitist multiobjective genetic algorithm: NSGA-II},
  author={Deb, Kalyanmoy and Pratap, Amrit and Agarwal, Sameer and Meyarivan, TAMT},
  journal={Evolutionary Computation, IEEE Transactions on},
  volume={6},
  number={2},
  pages={182--197},
  year={2002},
  publisher={IEEE}
}

