@article{sha2006hybrid,
  title={A hybrid particle swarm optimization for job shop scheduling problem},
  author={Sha, DY and Hsu, Cheng-Yu},
  journal={Computers \& Industrial Engineering},
  volume={51},
  number={4},
  pages={791--808},
  year={2006},
  publisher={Elsevier}
}
